<?xml version="1.0" encoding="UTF-8"?><collection xmlns="http://www.loc.gov/MARC21/slim"><record><leader>00385nam--2200121-i-4500</leader><controlfield tag="001">000047453</controlfield><controlfield tag="002">20161230</controlfield><controlfield tag="005">20161230201046</controlfield><controlfield tag="008">060222s1000------------r-----000-0-eng-d</controlfield><datafield ind1=" " ind2=" " tag="100"><subfield code="a">Winchell,Alexander N</subfield></datafield><datafield ind1=" " ind2=" " tag="245"><subfield code="a">The optical properties of organic compounds. second ed.,englarged and completely revised</subfield></datafield><datafield ind1=" " ind2=" " tag="260"><subfield code="a">New York, Academic Press Inc.,Publ.,1954. Xviii + 487 P</subfield></datafield><datafield ind1=" " ind2=" " tag="852"><subfield code="a">14577</subfield></datafield></record></collection>